@article{RN18743,
   author = {Locke, J.},
   title = {An Essay Concerning Humane Understanding },
   journal = {London: Thomas Basset},
   year = {1689},
   type = {Journal Article}
}

