@book{RN18739,
   author = {Spelke, E.},
   title = {What babies know: Core knowledge and composition Volume 1},
   publisher = {Oxford University Press},
   pages = {560},
   year = {2022},
   type = {Book}
}

